,-------------------.
|  BIBTEX ENTRIES   |
`-------------------'

@manual{Mittelbach06:Multicol,
  author =        {Frank Mittelbach},
  month =         {August},
  note =
  {\url{http://mirrors.ctan.org/macros/latex/required/tools/multicol.pdf}},
  title =         {An Enironment for Multicolumn Output},
  year =          {2006},
}

@manual{Wilson09:Changepage,
  author =        {Peter Wilson and Will Robertson},
  month =         {October},
  note =
  {\url{http://mirrors.ctan.org/macros/latex/contrib/changepage}},
  title =         {The \textsf{changepage} and \textsf{chngpage}
                   Packages},
  year =          {2009},
}

@Misc{TeXFAQ,
  author =       {{UK \TeX{} Users Group}},
  title =	 {{UK} List of {\TeX} Frequently Asked Questions},
  year =         2008,
  howpublished = {\url{http://www.tex.ac.uk/cgi-bin/texfaq2html}}
}
